<record><leader>00000cas a22000007a 4500</leader><controlfield tag="001">27730621</controlfield><controlfield tag="008">930315d18821910ncuwr ne      0    0eng d</controlfield><datafield ind1=" " ind2=" " tag="010"><subfield code="a">sn 93065761 </subfield></datafield><datafield ind1=" " ind2=" " tag="040"><subfield code="a">NVJ</subfield><subfield code="b">eng</subfield><subfield code="c">NVJ</subfield><subfield code="d">NVK</subfield><subfield code="d">OCLCQ</subfield><subfield code="d">OCLCF</subfield><subfield code="d">OCLCO</subfield></datafield><datafield ind1="1" ind2=" " tag="029"><subfield code="a">AU@</subfield><subfield code="b">000020745424</subfield></datafield><datafield ind1=" " ind2=" " tag="042"><subfield code="a">msc</subfield></datafield><datafield ind1=" " ind2=" " tag="043"><subfield code="a">n-us-nc</subfield></datafield><datafield ind1="0" ind2="4" tag="245"><subfield code="a">The Eastern reflector.</subfield></datafield><datafield ind1=" " ind2=" " tag="260"><subfield code="a">Greenville, Pitt County, N.C. :</subfield><subfield code="b">J.R. Whichard</subfield></datafield><datafield ind1=" " ind2=" " tag="300"><subfield code="a">v.</subfield></datafield><datafield ind1=" " ind2=" " tag="310"><subfield code="a">Weekly,</subfield><subfield code="b">Jan. 4, 1907-Aug. 5, 1910</subfield></datafield><datafield ind1=" " ind2=" " tag="321"><subfield code="a">Weekly,</subfield><subfield code="b">Mar. 8, 1882-Sept. 29, 1897</subfield></datafield><datafield ind1=" " ind2=" " tag="321"><subfield code="a">Semiweekly (except at Christmas),</subfield><subfield code="b">Oct. 5, 1897-Dec 25, 1906</subfield></datafield><datafield ind1="0" ind2=" " tag="362"><subfield code="a">Vol. 1, no. 7 (Mar. 8, 1882)-v. 31, no. 30 (Aug. 5, 1910).</subfield></datafield><datafield ind1=" " ind2=" " tag="530"><subfield code="a">Available on microfilm from Micro Photo, Inc.</subfield></datafield><datafield ind1=" " ind2=" " tag="580"><subfield code="a">Daily ed.: Daily reflector (Greenville, N.C.), 1894-1910.</subfield></datafield><datafield ind1=" " ind2="0" tag="651"><subfield code="a">Greenville (N.C.)</subfield><subfield code="v">Newspapers.</subfield></datafield><datafield ind1=" " ind2="0" tag="651"><subfield code="a">Winterville (N.C.)</subfield><subfield code="v">Newspapers.</subfield></datafield><datafield ind1=" " ind2="0" tag="651"><subfield code="a">Pitt County (N.C.)</subfield><subfield code="v">Newspapers.</subfield></datafield><datafield ind1=" " ind2="7" tag="655"><subfield code="a">Newspapers.</subfield><subfield code="2">fast</subfield><subfield code="0">(OCoLC)fst01423814</subfield></datafield><datafield ind1=" " ind2="7" tag="651"><subfield code="a">North Carolina</subfield><subfield code="z">Greenville.</subfield><subfield code="2">fast</subfield><subfield code="0">(OCoLC)fst01214377</subfield></datafield><datafield ind1=" " ind2="7" tag="651"><subfield code="a">North Carolina</subfield><subfield code="z">Pitt County.</subfield><subfield code="2">fast</subfield><subfield code="0">(OCoLC)fst01211784</subfield></datafield><datafield ind1=" " ind2="7" tag="651"><subfield code="a">North Carolina</subfield><subfield code="z">Winterville.</subfield><subfield code="2">fast</subfield><subfield code="0">(OCoLC)fst01219210</subfield></datafield><datafield ind1=" " ind2=" " tag="752"><subfield code="a">United States</subfield><subfield code="b">North Carolina</subfield><subfield code="c">Pitt</subfield><subfield code="d">Greenville.</subfield></datafield><datafield ind1=" " ind2=" " tag="752"><subfield code="a">United States</subfield><subfield code="b">North Carolina</subfield><subfield code="c">Pitt</subfield><subfield code="d">Winterville.</subfield></datafield><datafield ind1="1" ind2=" " tag="775"><subfield code="t">Daily reflector (Greenville, N.C.)</subfield><subfield code="w">(DLC)sn 86063817</subfield></datafield><datafield ind1="0" ind2="0" tag="780"><subfield code="t">Reflector (Greenville, N.C.)</subfield><subfield code="w">(DLC)sn 94058221</subfield></datafield><datafield ind1="0" ind2="0" tag="785"><subfield code="t">Carolina home and farm and the eastern reflector</subfield><subfield code="w">(DLC)sn 94058209</subfield></datafield></record>